<record><leader>00000cas a2200000 a 4500</leader><controlfield tag="001">33274531</controlfield><controlfield tag="008">951011d189719uufluwr ne      0    0eng c</controlfield><datafield ind1=" " ind2=" " tag="010"><subfield code="a">sn 95026779 </subfield></datafield><datafield ind1=" " ind2=" " tag="040"><subfield code="a">FUG</subfield><subfield code="b">eng</subfield><subfield code="c">FUG</subfield><subfield code="d">OCLCQ</subfield><subfield code="d">OCLCF</subfield><subfield code="d">OCLCO</subfield></datafield><datafield ind1=" " ind2=" " tag="012"><subfield code="i">9510</subfield></datafield><datafield ind1="1" ind2=" " tag="029"><subfield code="a">AU@</subfield><subfield code="b">000025893240</subfield></datafield><datafield ind1=" " ind2=" " tag="042"><subfield code="a">pcc</subfield></datafield><datafield ind1=" " ind2=" " tag="043"><subfield code="a">n-us-fl</subfield></datafield><datafield ind1="0" ind2="4" tag="245"><subfield code="a">The Kissimmee Valley gazette.</subfield></datafield><datafield ind1="1" ind2="3" tag="246"><subfield code="a">Gazette</subfield></datafield><datafield ind1=" " ind2=" " tag="260"><subfield code="a">Kissimmee City, Fla. :</subfield><subfield code="b">Vans-Agnew &amp; Harris,</subfield><subfield code="c">1897-</subfield></datafield><datafield ind1=" " ind2=" " tag="300"><subfield code="a">v.</subfield></datafield><datafield ind1=" " ind2=" " tag="310"><subfield code="a">Weekly</subfield></datafield><datafield ind1="0" ind2=" " tag="362"><subfield code="a">Vol. 1, no. 1 (Nov. 24, 1897)-</subfield></datafield><datafield ind1=" " ind2=" " tag="588"><subfield code="a">Latest issue consulted: Vol. 40, no. 32 (May 12, 1932).</subfield></datafield><datafield ind1=" " ind2="0" tag="651"><subfield code="a">Kissimmee (Fla.)</subfield><subfield code="v">Newspapers.</subfield></datafield><datafield ind1=" " ind2="0" tag="651"><subfield code="a">Osceola County (Fla.)</subfield><subfield code="v">Newspapers.</subfield></datafield><datafield ind1=" " ind2="7" tag="655"><subfield code="a">Newspapers.</subfield><subfield code="2">fast</subfield><subfield code="0">(OCoLC)fst01423814</subfield></datafield><datafield ind1=" " ind2="7" tag="651"><subfield code="a">Florida</subfield><subfield code="z">Kissimmee.</subfield><subfield code="2">fast</subfield><subfield code="0">(OCoLC)fst01215611</subfield></datafield><datafield ind1=" " ind2="7" tag="651"><subfield code="a">Florida</subfield><subfield code="z">Osceola County.</subfield><subfield code="2">fast</subfield><subfield code="0">(OCoLC)fst01206757</subfield></datafield><datafield ind1=" " ind2=" " tag="752"><subfield code="a">United States</subfield><subfield code="b">Florida</subfield><subfield code="c">Osceola</subfield><subfield code="d">Kissimmee.</subfield></datafield><datafield ind1="0" ind2="4" tag="780"><subfield code="t">Kissimmee Valley</subfield><subfield code="w">(DLC)sn 95026776</subfield><subfield code="w">(OCoLC)33274520</subfield></datafield><datafield ind1="0" ind2="4" tag="780"><subfield code="t">Osceola gazette</subfield></datafield><datafield ind1="0" ind2="5" tag="780"><subfield code="t">Osceola signal</subfield><subfield code="g">Jan. 20, 1903</subfield></datafield><datafield ind1="0" ind2="0" tag="785"><subfield code="t">Kissimmee gazette</subfield><subfield code="w">(DLC)sn 95026784</subfield><subfield code="w">(OCoLC)33274536</subfield></datafield><datafield ind1=" " ind2=" " tag="850"><subfield code="a">FU</subfield></datafield></record>